<?xml version="1.0" encoding="UTF-8"?><collection xmlns="http://www.loc.gov/MARC21/slim"><record><leader>00565nam--2200181-i-4500</leader><controlfield tag="001">000040545</controlfield><controlfield tag="002">20161230</controlfield><controlfield tag="005">20161230201042</controlfield><controlfield tag="008">060222s1000------------r-----000-0-ger-d</controlfield><datafield ind1=" " ind2=" " tag="040"><subfield code="a">IFIN-HH</subfield></datafield><datafield ind1=" " ind2=" " tag="041"><subfield code="a">ger</subfield></datafield><datafield ind1=" " ind2=" " tag="080"><subfield code="a">537.533.35:532.6:666.3(043)</subfield></datafield><datafield ind1="1" ind2=" " tag="100"><subfield code="a">Schmid,Herbert</subfield></datafield><datafield ind1="1" ind2="0" tag="245"><subfield code="a">Untersuchungen der strukturen innerer grenzflachen in keramiken mit hilfe der hochspannugselektronenmikroskopie</subfield><subfield code="b">Dissertation</subfield><subfield code="c">Herbert schmid</subfield></datafield><datafield ind1=" " ind2=" " tag="260"><subfield code="a">Stuttgart</subfield><subfield code="b">Universitat</subfield><subfield code="c">1980</subfield></datafield><datafield ind1=" " ind2=" " tag="300"><subfield code="a">126 P</subfield></datafield><datafield ind1=" " ind2=" " tag="852"><subfield code="a">48359</subfield><subfield code="c">537.533.35</subfield></datafield><datafield ind1=" " ind2=" " tag="CAT"><subfield code="a">Sys</subfield><subfield code="c">20110913</subfield><subfield code="h">141109</subfield></datafield></record></collection>